@online{stanford,
author = {Andrej Karpathy},
title = {Convolutional Networks},
year = {2017},
url = {http://cs231n.github.io/}
}

@book{krose,
author = {Ben Krose and Smagt, P.},
title = {An Introduction to Neural Networks},
year = {1996}
}

@book{rosenblatt,
author = {Rosenblatt, F.},
title = {Principles of Neurodynamics},
year = {1959},
publisher = {Spartan Books},
location = {New York}
}

@book{mitchell,
author = {Mitchell, Tom M.},
title = {Machine Learning},
year = {1997},
publisher = {McGraw Hill},
location = {New York}
}

@inproceedings{widrow,
author = {Widrow, B. and Hoff, M. E.},
editor = {},
title = {Adaptive Switching Circuits},
booktitle = {1960 IRE WESCON convention record},
year = {1960}
}

@misc{wu,
author = {Jianxin Wu},
title = {Introduction to Convolutional Networks},
year = {2017}
}
